@MISC{lms,
	HOWPUBLISHED = "\url{http://www.facework.vn/Blog/he-thong-quan-ly-hoc-truc-tuyen-lms-25.html}",
	AUTHOR = "Công ty CP giải pháp trực tuyến FACEWORK",
	TITLE = "Hệ thống quản lý học trực tuyến (LMS)",
	YEAR = "2015 (truy cập lần cuối 10-03-2019)"
}
@MISC{aboutmoodle,
	HOWPUBLISHED = "\url{https://docs.moodle.org/36/en/About_Moodle}",
	AUTHOR = "Moodle",
	TITLE = "About Moodle",
	YEAR = "12-2018 (truy cập lần cuối 15-03-2019)"
}
@MISC{moodlestats,
	HOWPUBLISHED = "\url{https://moodle.net/stats/}",
	AUTHOR = "Moodle",
	TITLE = "Moodle Statistics",
	YEAR = "02-2019 (truy cập lần cuối 02-04-2019)"
}
@ARTICLE{featuremoodle,
	AUTHOR="Lopes, Ana Paula",
	TITLE="Teaching with Moodle in higher education",
	JOURNAL="INTED 2011",
	YEAR="2011"
}
@INPROCEEDINGS{whymoodle,
	AUTHOR="Al-Ajlan, Ajlan và Zedan, Hussein",
	TITLE="Why Moodle",
	BOOKTITLE = "2008 12th IEEE International Workshop on Future Trends of Distributed Computing Systems",
	PAGES = "58--64",
	YEAR="2008",
	ORGANIZATION = "IEEE"
}
@ARTICLE{moodle-blackboard-webct,
	AUTHOR="Lê Đức Long",
	TITLE="Giới thiệu về E-learning và hệ quản trị đào tạo (LMS) nguồn mở Moodle",
	JOURNAL = "Hội thảo 2007",
	YEAR="08-2007"
}
@ARTICLE{limitmoodle:1,
	AUTHOR="A. Chavan và S. Pavri",
	TITLE="Open Source Learning Management in Moodle",
	JOURNAL = "Linux journal",
	YEAR="2004"
}
@ARTICLE{limitmoodle:2,
	AUTHOR="B. Williams và M. Dougiamas",
	TITLE="Moodle for Teachers,Trainers and Administrators",
	JOURNAL = "Remote-Learner.net.2005",
	YEAR="2005"
}
@BOOK{blockmoodle:1,
	AUTHOR="Emily Nestor và Cyndy Nantz",
	TITLE=" Moodle Student Handbook",
}
@ARTICLE{blockmoodle:2,
	AUTHOR="Mª José CASANY và Pablo CASADO",
	TITLE="A MOBILE EXTENSION OF A WEB BASED MOODLE VIRTUAL CLASSROOM",
	YEAR="2005"
}
@MISC{highcharts,
	HOWPUBLISHED = "\url{https://viblo.asia/p/highcharts-de-dang-ve-bieu-do-voi-javascript-XQZkxAEovwA}",
	AUTHOR = "Trần Quốc Ý",
	TITLE = "HighCharts: Dễ dàng vẽ biều đồ với Javascript",
	YEAR = "24-12-2016 (truy cập lần cuối 25-04-2019)"
}

@MISC{usecase:1,
	HOWPUBLISHED = "\url{https://www.researchgate.net/figure/Use-case-with-basic-actions-handled-by-Moodle-Teacher-and-Student_fig1_287647153}",
	AUTHOR = "Fabiano Rodrigues Ferreira",
	TITLE = "Use case with basic actions handled by Moodle (Teacher and Student)",
	YEAR = "07-2012 (truy cập lần cuối 09-04-2019)"
}
@MISC{createblock,
	HOWPUBLISHED = "\url{https://docs.moodle.org/dev/Blocks}",
	AUTHOR = "Moodle",
	TITLE = "A Step-by-step Guide To Creating Blocks",
	YEAR = "13-03-2019 (truy cập lần cuối 29-04-2019)"
}

